<?xml version="1.0" encoding="UTF-8"?><collection xmlns="http://www.loc.gov/MARC21/slim"><record><leader>00444nam--2200181-u-4500</leader><controlfield tag="001">000051237</controlfield><controlfield tag="002">20161230</controlfield><controlfield tag="005">20161230201049</controlfield><controlfield tag="008">080604s1000------------r-----000-0-rum-d</controlfield><datafield ind1=" " ind2=" " tag="040"><subfield code="a">IFIN-HH</subfield></datafield><datafield ind1=" " ind2=" " tag="041"><subfield code="b">rum</subfield></datafield><datafield ind1=" " ind2=" " tag="080"><subfield code="a">513.832</subfield></datafield><datafield ind1="1" ind2=" " tag="100"><subfield code="a">Ionescu Tulcea</subfield></datafield><datafield ind1="1" ind2="0" tag="245"><subfield code="a">Spatii hilbert</subfield><subfield code="c">C.t. ionescu tulcea</subfield></datafield><datafield ind1=" " ind2=" " tag="260"><subfield code="a">Bucuresti</subfield><subfield code="b">Editura Academiei Rpr</subfield><subfield code="c">1956</subfield></datafield><datafield ind1=" " ind2=" " tag="300"><subfield code="a">283 p</subfield></datafield><datafield ind1=" " ind2=" " tag="852"><subfield code="a">4190</subfield><subfield code="c">513.83</subfield></datafield><datafield ind1=" " ind2=" " tag="CAT"><subfield code="a">Sys</subfield><subfield code="c">20130806</subfield><subfield code="h">130308</subfield></datafield></record></collection>